@book{AbramowitzStegun1964,
  editor    = {Milton Abramowitz and Irene A. Stegun},
  title     = {Handbook of Mathematical Functions with Formulas, Graphs, and Mathematical Tables},
  publisher = {U.S. Government Printing Office},
  year      = {1964},
  series    = {Applied Mathematics Series},
  volume    = {55},
  address   = {Washington, D.C.},
  note      = {Reprinted 1983. See Chapter 19},
  url       = {https://www.nist.gov/publications/handbook-mathematical-functions-formulas-graphs-and-mathematical-tables},
}


@misc{Mathematica,
  author = {Wolfram Research{,} Inc.},
  title = {Mathematica, {V}ersion 14.2},
  url = {https://www.wolfram.com/mathematica},
  note = {Champaign, IL, 2024}
}

@article{haag1964algebraic,
  title={An algebraic approach to quantum field theory},
  author={Haag, Rudolf and Kastler, Daniel},
  journal={Journal of Mathematical Physics},
  volume={5},
  number={7},
  pages={848--861},
  year={1964},
  publisher={American Institute of Physics}
}

@book{ryder1996quantum,
  title={Quantum field theory},
  author={Ryder, Lewis H},
  year={1996},
  publisher={Cambridge university press}
}

@article{bracewell1966fourier,
  title={The Fourier transform and its applications},
  author={Bracewell, Ron and Kahn, Peter B},
  journal={American Journal of Physics},
  volume={34},
  number={8},
  pages={712--712},
  year={1966},
  publisher={American Association of Physics Teachers}
}

@incollection{jacobson2005introduction ,
  title={Introduction to quantum fields in curved spacetime and the Hawking effect},
  author={Jacobson, Ted},
  booktitle={Lectures on quantum gravity},
  pages={39--89},
  year={2005},
  publisher={Springer}
}

@article{crispino2008unruh,
  title={The Unruh effect and its applications},
  author={Crispino, Luis CB and Higuchi, Atsushi and Matsas, George EA},
  journal={Reviews of Modern Physics},
  volume={80},
  number={3},
  pages={787--838},
  year={2008},
  publisher={APS}
}

@article{Olver1959UniformAE,
  author={Olver, F. W. J.},
  journal={Journal of Research of the National Bureau of Standards. Section B, Mathematical Sciences},
  title={Uniform asymptotic expansions for Weber parabolic cylinder functions of large orders},
  volume={63B},
  pages={131-169},
  year={1959}
}

@article{Borchers2000,
  author    = {Hans-JÃ¼rgen Borchers},
  title     = {On revolutionizing quantum field theory with Tomita's modular theory},
  journal   = {Journal of Mathematical Physics},
  volume    = {41},
  number    = {6},
  pages     = {3604--3673},
  year      = {2000},
  doi       = {10.1063/1.533334},
  publisher = {AIP Publishing}
}

@misc{beisert,
  title={Chapter 3 Quantum Field Theory},
  author={ETH Zurich},
  year={2012},
  url={https://edu.itp.phys.ethz.ch/hs12/qft1/Chapter03.pdf}
}

@article{bekenstein,
  title = {Black Holes and Entropy},
  author = {Bekenstein, Jacob D.},
  journal = {Phys. Rev. D},
  volume = {7},
  issue = {8},
  pages = {2333--2346},
  numpages = {0},
  year = {1973},
  month = {Apr},
  publisher = {American Physical Society},
  doi = {10.1103/PhysRevD.7.2333},
  url = {https://link.aps.org/doi/10.1103/PhysRevD.7.2333}
}

@article{Frodden,
	doi = {10.1142/s0217751x18300260},
	url = {https://doi.org/10.1142%2Fs0217751x18300260},
	year = 2018,
	month = {sep},
	publisher = {World Scientific Pub Co Pte Lt},
	volume = {33},
	number = {27},
	pages = {1830026},
	author = {Ernesto Frodden and Nicol{\'{a}}s Vald{\'{e}}s},
	title = {Unruh Effect: Introductory notes to quantum effects for accelerated observers},
	journal = {International Journal of Modern Physics A}
}

@misc{qspplanck,
  title = {The Derivation of the Planck Formula},
  url = {https://edisciplinas.usp.br/pluginfile.php/48089/course/section/16461/qsp_chapter10-plank.pdf},
  note = {Accessed: 2023-02-25}
}

@ARTICLE{landauer,
  author={Landauer, R.},
  journal={IBM Journal of Research and Development}, 
  title={Irreversibility and Heat Generation in the Computing Process}, 
  year={1961},
  volume={5},
  number={3},
  pages={183-191},
  doi={10.1147/rd.53.0183}}

@article{unruh,
  title = {Notes on black-hole evaporation},
  author = {Unruh, W. G.},
  journal = {Phys. Rev. D},
  volume = {14},
  issue = {4},
  pages = {870--892},
  numpages = {0},
  year = {1976},
  month = {Aug},
  publisher = {American Physical Society},
  doi = {10.1103/PhysRevD.14.870},
  url = {https://link.aps.org/doi/10.1103/PhysRevD.14.870}
}

@article{rindlerorig,
  title = {Kruskal Space and the Uniformly Accelerated Frame},
  author = {Rindler, W.},
  journal = {American Journal of Physics},
  volume = {34},
  issue = {12},
  year = {1966},
  pages = {1174-1178},
  doi = {10.1119/1.1972547}
}

@misc{
,
  author = {Wikipedia contributors},
  title = {Rindler coordinates},
  year = {2025},
  url = {https://en.wikipedia.org/wiki/Rindler_coordinates},
  note = {Accessed: 2025-01-18}
}

@article{entropic,
  title={On the origin of gravity and the laws of Newton},
  author={Verlinde, Erik},
  journal={Journal of High Energy Physics},
  volume={2011},
  number={4},
  pages={1--27},
  year={2011},
  publisher={Springer}
}

@misc{NIST:DLMF,
         key = "{\relax DLMF}",
       title = "{\it NIST Digital Library of Mathematical Functions}",
howpublished = "http://dlmf.nist.gov/, Release 1.1.8 of 2022-12-15",
         url = "http://dlmf.nist.gov/",
        note = "F.~W.~J. Olver, A.~B. {Olde Daalhuis}, D.~W. Lozier, B.~I. Schneider,
                R.~F. Boisvert, C.~W. Clark, B.~R. Miller, B.~V. Saunders,
                H.~S. Cohl, and M.~A. McClain, eds."}

@article{purcell,
author = {Thiffeault, Jean-Luc and Purcell, Mick and Correll, Y},
journal = {Physics Letters A},
year = {1998},
month = {05},
pages = {},
title = {What a Rindler Observer Sees in a Minkowski Vacuum}
}

@article{Buchholz_2016,
   title={Unruh versus Tolman: on the heat of acceleration: Dedicated to the memory of Rudolf Haag},
   volume={48},
   ISSN={1572-9532},
   url={http://dx.doi.org/10.1007/s10714-016-2029-2},
   DOI={10.1007/s10714-016-2029-2},
   number={3},
   journal={General Relativity and Gravitation},
   publisher={Springer Science and Business Media LLC},
   author={Buchholz, Detlev and Verch, Rainer},
   year={2016},
   month=feb }


@article{schwinger,
  title = {Particles and Sources},
  author = {Schwinger, Julian},
  journal = {Phys. Rev.},
  volume = {152},
  issue = {4},
  pages = {1219--1226},
  numpages = {0},
  year = {1966},
  month = {Dec},
  publisher = {American Physical Society},
  doi = {10.1103/PhysRev.152.1219},
  url = {https://link.aps.org/doi/10.1103/PhysRev.152.1219}
}
